<?xml version="1.0" encoding="UTF-8"?><collection xmlns="http://www.loc.gov/MARC21/slim"><record><leader>00424nam--2200157-i-4500</leader><controlfield tag="001">000012153</controlfield><controlfield tag="002">20161230</controlfield><controlfield tag="005">20170224012217</controlfield><controlfield tag="008">060222s1000------------r-----000-0-eng-d</controlfield><datafield ind1=" " ind2=" " tag="100"><subfield code="a">Banateanu, Ion</subfield></datafield><datafield ind1=" " ind2=" " tag="245"><subfield code="a">Chimie pentru muncitori si tehnicieni din indu stria chimica</subfield></datafield><datafield ind1=" " ind2=" " tag="260"><subfield code="a">Bucuresti</subfield><subfield code="b">Editura Tehnica</subfield><subfield code="c">1977</subfield></datafield><datafield ind1=" " ind2=" " tag="300"><subfield code="a">390 p</subfield></datafield><datafield ind1=" " ind2=" " tag="700"><subfield code="a">Popa, Magdalena</subfield></datafield><datafield ind1=" " ind2=" " tag="852"><subfield code="a">54(075.4)</subfield></datafield><datafield ind1=" " ind2=" " tag="CAT"><subfield code="a">SYS</subfield><subfield code="c">20170224</subfield><subfield code="h">012217</subfield></datafield></record></collection>